@Manual{Carnell2012,
    title = {LHS: Latin Hypercube Samples},
    author = {Rob Carnell},
    year = {2012},
    note = {R package version 0.10},
  }

@Manual{RTeam2014,
    title = {R: A Language and Environment for Statistical Computing},
    author = {{R Core Team}},
    organization = {R Foundation for Statistical Computing},
    address = {Vienna, Austria},
    year = {2014},
  }

@Manual{Gambit13,
	title = {Gambit: Software Tools for Game Theory, Version 13.1.2},
	author = {McKelvey, R D and McLennan, A M and Turocy, T L},
	year = {2014},
	url = { http://www.gambit-project.org},
	}
@mscthesis{GrayDissert,
    author     =     {Jonathan Gray},
    title     =     {{Feasibility of Bayesian Decision Theoretic Agents as a Model for Diclosure of Drinking Behaviour in Pregnancy}},
    institution     =     {University of Southampton},
        year     =     {2013},
    }

@article{macy2002factors,
  title={From factors to actors: Computational sociology and agent-based modeling},
  author={Macy, Michael W and Willer, Robert},
  journal={Annual review of sociology},
  pages={143--166},
  year={2002},
  publisher={JSTOR}
}

@incollection{axelrod1997advancing,
  title={Advancing the art of simulation in the social sciences},
  author={Axelrod, Robert},
  booktitle={Simulating social phenomena},
  pages={21--40},
  year={1997},
  publisher={Springer}
}